@incollection{muxel2012,
	author      = {Muxel, Anne},
	title       = {The {F}unctions of {F}amilial {M}emory and {P}rocesses of {I}dentity},
	editor      = {Boesen, Elisabeth and Lentz, Fabienne and Margue, Michel and Scuto, Denis and Wagener, Renée},
	booktitle   = {Peripheral Memories (Public and Private Forms of Experiencing and Narrating the Past)},
	year        = 2012,
	pages       = {21 -- 32},
	keywords={minor, socio},
}

@article{wiseman2006,
	doi = {10.1037/0002-9432.76.2.176},
	url = {https://doi.org/10.1037/0002-9432.76.2.176},
	year  = {2006},
	publisher = {American Psychological Association ({APA})},
	volume = {76},
	number = {2},
	pages = {176--184},
	author = {Hadas Wiseman and Einat Metzl and Jacques P. Barber},
	title = {Anger,  guilt,  and intergenerational communication of trauma in the interpersonal narratives of second generation Holocaust survivors.},
	journal = {American Journal of Orthopsychiatry},
	keywords={minor, socio},
}
@article{yehuda2013,
	doi = {10.3389/fpsyt.2013.00118},
	url = {https://doi.org/10.3389/fpsyt.2013.00118},
	year  = {2013},
	publisher = {Frontiers Media {SA}},
	volume = {4},
	author = {Rachel Yehuda and Nikolaos P. Daskalakis and Frank Desarnaud and Iouri Makotkine and Amy L. Lehrner and Erin Koch and Janine D. Flory and Joseph D. Buxbaum and Michael J. Meaney and Linda M. Bierer},
	title = {Epigenetic Biomarkers as Predictors and Correlates of Symptom Improvement Following Psychotherapy in Combat Veterans with {PTSD}},
	journal = {Frontiers in Psychiatry}
}
@article{vaiserman2017,
	doi = {10.1186/s40246-017-0129-z},
	url = {https://doi.org/10.1186/s40246-017-0129-z},
	year  = {2017},
	month = {dec},
	publisher = {Springer Nature},
	volume = {11},
	number = {1},
	author = {Alexander M. Vaiserman and Alexander K. Koliada},
	title = {Early-life adversity and long-term neurobehavioral outcomes: epigenome as a bridge?},
	journal = {Human Genomics},
	keywords={minor, geno},
}

@article{fossion2003,
	doi = {10.1176/appi.psychotherapy.2003.57.4.519},
	url = {https://doi.org/10.1176/appi.psychotherapy.2003.57.4.519},
	year  = {2003},
	month = {oct},
	publisher = {American Psychiatric Publishing},
	volume = {57},
	number = {4},
	pages = {519--527},
	author = {Pierre Fossion and Mari-Carmen Rejas and Laurent Servais and Isy Pelc and Siegi Hirsch},
	title = {Family Approach with Grandchildren of Holocaust Survivors},
	journal = {American Journal of Psychotherapy},
	keywords={minor, socio},
}

@article{bercovich2014,
	title={Long-term health effects in adults born during the Holocaust.},
	author={Eyal Bercovich and Lital Keinan-Boker and Shaul M Shasha},
	journal={The Israel Medical Association journal : IMAJ},
	year={2014},
	volume={16 4},
	pages={203-7},
	keywords={minor, develo},
}

@article{yehuda2014,
	doi = {10.1176/appi.ajp.2014.13121571},
	url = {https://doi.org/10.1176/appi.ajp.2014.13121571},
	year  = {2014},
	month = {aug},
	publisher = {American Psychiatric Publishing},
	volume = {171},
	number = {8},
	pages = {872--880},
	author = {Rachel Yehuda and Nikolaos P. Daskalakis and Amy Lehrner and Frank Desarnaud and Heather N. Bader and Iouri Makotkine and Janine D. Flory and Linda M. Bierer and Michael J. Meaney},
	title = {Influences of Maternal and Paternal {PTSD} on Epigenetic Regulation of the Glucocorticoid Receptor Gene in Holocaust Survivor Offspring},
	journal = {American Journal of Psychiatry},
	keywords={minor, geno},
}
@article{yehuda2016,
	doi = {10.1016/j.biopsych.2015.08.005},
	url = {https://doi.org/10.1016/j.biopsych.2015.08.005},
	year  = {2016},
	month = {sep},
	publisher = {Elsevier {BV}},
	volume = {80},
	number = {5},
	pages = {372--380},
	author = {Rachel Yehuda and Nikolaos P. Daskalakis and Linda M. Bierer and Heather N. Bader and Torsten Klengel and Florian Holsboer and Elisabeth B. Binder},
	title = {Holocaust Exposure Induced Intergenerational Effects on {FKBP}5 Methylation},
	journal = {Biological Psychiatry},
	keywords={minor, geno},
}

@article{deCasper1986,
	doi = {10.1016/0163-6383(86)90025-1},
	url = {https://doi.org/10.1016/0163-6383(86)90025-1},
	year  = {1986},
	month = {apr},
	publisher = {Elsevier {BV}},
	volume = {9},
	number = {2},
	pages = {133--150},
	author = {Anthony J. DeCasper and Melanie J. Spence},
	title = {Prenatal maternal speech influences newborns{\textquotesingle} perception of speech sounds},
	journal = {Infant Behavior and Development},
	keywords={main},
	keywords={main, develo},
}
@article{brand2006,
	doi = {10.1196/annals.1364.041},
	url = {https://doi.org/10.1196/annals.1364.041},
	year  = {2006},
	month = {jul},
	publisher = {Wiley},
	volume = {1071},
	number = {1},
	pages = {454--458},
	author = {Sarah R. Brand and  Stephanie M. Engel and  Richard L. Canfield and Rachel Yehuda},
	title = {The Effect of Maternal {PTSD} Following in Utero Trauma Exposure on Behavior and Temperament in the 9-Month-Old Infant},
	journal = {Annals of the New York Academy of Sciences},
	keywords={minor, develo},
}


@article{jardri2012,
	doi = {10.1016/j.ijdevneu.2011.11.002},
	url = {https://doi.org/10.1016/j.ijdevneu.2011.11.002},
	year  = {2012},
	month = {apr},
	publisher = {Elsevier {BV}},
	volume = {30},
	number = {2},
	pages = {159--161},
	author = {Renaud Jardri and V{\'{e}}ronique Houfflin-Debarge and Pierre Delion and Jean-Pierre Pruvo and Pierre Thomas and Delphine Pins},
	title = {Assessing fetal response to maternal speech using a noninvasive functional brain imaging technique},
	journal = {International Journal of Developmental Neuroscience},
	keywords={minor, develo},
}
@article{james2010,
	doi = {10.1002/icd.653},
	url = {https://doi.org/10.1002/icd.653},
	year  = {2010},
	month = {jan},
	publisher = {Wiley},
	volume = {19},
	number = {1},
	pages = {45--54},
	author = {David K. James},
	title = {Fetal learning: a critical review},
	journal = {Infant and Child Development},
	keywords={minor},
	keywords={minor, develo},
}


@incollection{garstenauer2012,
	author      = {Rita Garstenauer},
	title       = {{P}rivate, {S}emi-{P}ublic, {P}ublished {R}ural {A}utobiographies {W}ithin the {F}amily and {B}eyond},
	editor      = {Boesen, Elisabeth and Lentz, Fabienne and Margue, Michel and Scuto, Denis and Wagener, Renée},
	booktitle   = {Peripheral Memories (Public and Private Forms of Experiencing and Narrating the Past)},
	year        = 2012,
	pages       = {121 -- 141},
	keywords={minor, socio},
}
@incollection{boesen2012,
	author      = {Boesen, Elisabeth},
	title       = {The {F}amily as a {S}ocial {F}rame of {M}emory the example of {L}uxembourgian Farmer {F}amilies},
	editor      = {Boesen, Elisabeth and Lentz, Fabienne and Margue, Michel and Scuto, Denis and Wagener, Renée},
	booktitle   = {Peripheral Memories (Public and Private Forms of Experiencing and Narrating the Past)},
	year        = 2012,
	pages       = {95 -- 120},
	keywords={minor, socio},
}

@incollection{busnel2010,
	TITLE = {Le développement de la sensorialité foetale},
	AUTHOR = {Busnel, Marie-Claire and Héron, Anne},
	URL = {https://hal.archives-ouvertes.fr/hal-01598836},
	BOOKTITLE = {{LA NAISSANCE : histoire, cultures et pratiques d'aujourd'hui.}},
	PUBLISHER = {{Albin Michel}},
	SERIES = {ESSAI \& DOCs},
	PAGES = {1401},
	YEAR = {2010},
	HAL_ID = {hal-01598836},
	HAL_VERSION = {v1},
	keywords={minor, develo},
}

@Article{meaney2005,
	author={Meaney, Michael J.
	and Szyf, Moshe},
	title={Environmental programming of stress responses through DNA methylation: life at the interface between a dynamic environment and a fixed genome},
	journal={Dialogues Clin Neurosci},
	year={2005},
	month={Jun},
	publisher={Les Laboratoires Servier},
	volume={7},
	number={2},
	pages={103-123},
	note={16262207[pmid]},
	note={PMC3181727[pmcid]},
	issn={1294-8322},
	url={https://www.ncbi.nlm.nih.gov/pubmed/16262207},
	keywords={minor, develo},
}

@article{vaissiere2008,
	doi = {10.1016/j.mrrev.2008.02.004},
	url = {https://doi.org/10.1016/j.mrrev.2008.02.004},
	year  = {2008},
	month = {jul},
	publisher = {Elsevier {BV}},
	volume = {659},
	number = {1-2},
	pages = {40--48},
	author = {T Vaissière and C Sawan and Z Herceg},
	title = {Epigenetic interplay between histone modifications and {DNA} methylation in gene silencing},
	journal = {Mutation Research/Reviews in Mutation Research},
	keywords={minor, geno},
}

@article{yehuda2009,
	doi = {10.1111/j.1749-6632.2009.04979.x},
	url = {https://doi.org/10.1111/j.1749-6632.2009.04979.x},
	year  = {2009},
	month = {oct},
	publisher = {Wiley},
	volume = {1179},
	number = {1},
	pages = {56--69},
	author = {Rachel Yehuda},
	title = {Status of Glucocorticoid Alterations in Post-traumatic Stress Disorder},
	journal = {Annals of the New York Academy of Sciences},
	keywords={main, geno},
}

@article{schaal2000,
	author = {Schaal, Benoist and Marlier, Luc and Soussignan, Robert},
	title = {Human Foetuses Learn Odours from their Pregnant Mother’s Diet},
	journal = {Chemical Senses},
	volume = {25},
	number = {6},
	pages = {729-737},
	year = {2000},
	doi = {10.1093/chemse/25.6.729},
	URL = {http://dx.doi.org/10.1093/chemse/25.6.729},
	eprint = {/oup/backfile/content_public/journal/chemse/25/6/10.1093_chemse_25.6.729/1/250729.pdf},
	keywords={main, develo},
}

@article{baibazarova2013,
	doi = {10.1016/j.psyneuen.2012.09.015},
	url = {https://doi.org/10.1016/j.psyneuen.2012.09.015},
	year  = {2013},
	month = {jun},
	publisher = {Elsevier {BV}},
	volume = {38},
	number = {6},
	pages = {907--915},
	author = {Eugenia Baibazarova and Cornelieke van de Beek and Peggy T. Cohen-Kettenis and Jan Buitelaar and Katherine H. Shelton and Stephanie H.M. van Goozen},
	title = {Influence of prenatal maternal stress,  maternal plasma cortisol and cortisol in the amniotic fluid on birth outcomes and child temperament at 3 months},
	journal = {Psychoneuroendocrinology},
	keywords={main, develo},
}

@article{mennella2001,
	title={Prenatal and postnatal flavor learning by human infants.},
	author={Julie A Mennella and C P Jagnow and Gary K. Beauchamp},
	journal={Pediatrics},
	year={2001},
	volume={107 6},
	pages={E88},
	keywords={minor, develo},
}
@book{halbwachs1925,
	author={Halbwachs, Maurice},
	year={1925},
	title={Les cadres sociaux de la mémoire},
	publisher={Alcan},
	address={Paris},
	keywords={main, socio},
}
@book{bergson1908,
	author={Bergson, Henri},
	year={1908},
	title={L'évolution créatrice},
	publisher={Alcan},
	address={Paris},
	keywords={minor, socio},
}
@book{halbwachs1950,
	author={Halbwachs, Maurice},
	year={1950},
	title={La mémoire collective},
	publisher={Presses {U}niversitaires de {F}rance},
	address={Paris},
	keywords={minor, socio},
}


@article{kellermann2013,
	author = {Kellermann, Natan},
	year = {2013},
	month = {09},
	pages = {33-7},
	title = {Epigenetic Transmission of Holocaust Trauma: Can Nightmares Be Inherited?},
	volume = {50},
	journal = {The Israel journal of psychiatry and related sciences},
	keywords={minor, socio},
}
@article{lee2014,
	title = "In utero exposure to the Korean War and its long-term effects on socioeconomic and health outcomes",
	journal = "Journal of Health Economics",
	volume = "33",
	pages = "76 - 93",
	year = "2014",
	issn = "0167-6296",
	doi = "https://doi.org/10.1016/j.jhealeco.2013.11.002",
	url = "http://www.sciencedirect.com/science/article/pii/S0167629613001446",
	author = "Chulhee Lee",
	keywords = "Fetal origins hypothesis, Maternal stress, Childhood health, Korean War, Socioeconomic outcome",
	keywords={minor, develo},
}


@article{vukojevic2014,
	title={Epigenetic modification of the glucocorticoid receptor gene is linked to traumatic memory and post-traumatic stress disorder risk in genocide survivors.},
	author={Vanja Vukojevic and Iris-T Kolassa and Matthias Fastenrath and Leo Gschwind and Klara Spalek and Annette Milnik and Angela Heck and Christian Vogler and Sarah Wilker and Philippe Demougin and Fabian Peter and Erika Atucha and Attila Stetak and Benno Roozendaal and Thomas Elbert and Andreas Papassotiropoulos and Dominique J-F de Quervain},
	journal={The Journal of neuroscience : the official journal of the Society for Neuroscience},
	year={2014},
	volume={34 31},
	pages={10274-84},
	keywords={minor, geno},
}